@inproceedings{NEURIPS2018_5a4be1fa,
 author = {Jacot, Arthur and Gabriel, Franck and Hongler, Clement},
 booktitle = {Advances in Neural Information Processing Systems},
 title = {Neural Tangent Kernel: Convergence and Generalization in Neural Networks},
 url = {https://proceedings.neurips.cc/paper/2018/file/5a4be1fa34e62bb8a6ec6b91d2462f5a-Paper.pdf},
 volume = {31},
 year = {2018}
}
